@misc{vuls,
  title        = {{Vuls: VULnerability Scanner}},
  publisher    = {GitHub},
  howpublished = {\url{https://github.com/future-architect/vuls}},
  note         = {(Accessed on 2025-08-12)}
}
@misc{mitre-cve,
  title        = {{MITRE CVE}},
  publisher    = {The MITRE Corporation},
  howpublished = {\url{https://www.cve.org/}},
  note         = {(Accessed on 2025-08-12)}
}
@misc{nist-nvd,
  title        = {{NIST NVD}},
  publisher    = {National Institute of Standards and Technology},
  howpublished = {\url{https://nvd.nist.gov/}},
  note         = {(Accessed on 2025-08-12)}
}
@misc{cve-2023-26207-nvd,
  title        = {{NIST NVD - CVE-2023-26207}},
  publisher    = {National Institute of Standards and Technology},
  howpublished = {\url{https://nvd.nist.gov/vuln/detail/CVE-2023-26207}},
  note         = {(Accessed on 2025-08-12)}
}
@misc{cve-2023-26207-fortinet,
  title        = {{Fortinet - FG-IR-22-455}},
  publisher    = {Fortinet PSIRT},
  howpublished = {\url{https://www.fortiguard.com/psirt/FG-IR-22-455}},
  note         = {(Accessed on 2025-08-12)}
}
@misc{redhat-ovalv2,
  title        = {{Red Hat OVALv2}},
  publisher    = {Red Hat},
  howpublished = {\url{https://security.access.redhat.com/data/oval/v2/}},
  note         = {(Accessed on 2025-08-12)}
}
@misc{redhat-vex,
  title        = {{Red Hat VEX}},
  publisher    = {Red Hat},
  howpublished = {\url{https://security.access.redhat.com/data/csaf/v2/}},
  note         = {(Accessed on 2025-08-12)}
}
@misc{redhat-osv,
  title        = {{Red Hat OSV}},
  publisher    = {Red Hat},
  howpublished = {\url{https://security.access.redhat.com/data/osv/all.json}},
  note         = {(Accessed on 2025-08-12)}
}
@misc{redhat-cve,
  title        = {{Red Hat CVE - CVE-2022-33980}},
  publisher    = {Red Hat},
  howpublished = {\url{https://access.redhat.com/hydra/rest/securitydata/cve/CVE-2022-33980.json}},
  note         = {(Accessed on 2025-08-12)}
}

@misc{redhat-secdata-1097,
  title        = {{Red Hat SECDATA-1097}},
  publisher    = {Red Hat},
  howpublished = {\url{https://issues.redhat.com/projects/SECDATA/issues/SECDATA-1097}},
  note         = {(Accessed on 2025-08-12)}
}

