@online{issue-2198,
    title        = {{Vuls issue: affected package output differs for each vuls report, distro adovisories are insufficient in RedHat}},
    publisher    = {GitHub},
    howpublished = {\url{https://github.com/future-architect/vuls/issues/2198}},
    note         = {(Accessed on 2025-08-12)}
}
@online{rh-cve-2024-24791-1,
    title        = {{Red Hat Customer Portal: CVE-2024-24791}},
    publisher    = {Red Hat},
    howpublished = {\url{https://access.redhat.com/security/cve/cve-2024-24791}},
    note         = {(Accessed on 2025-07-18 and 2025-07-24)}
}
@online{rh-cve-2024-24791-2,
    title        = {{Red Hat Security API: CVE-2024-24791}},
    publisher    = {Red Hat},
    howpublished = {\url{https://access.redhat.com/hydra/rest/securitydata/cve/CVE-2024-24791.json}},
    note         = {(Accessed on 2025-07-18 and 2025-07-24)}
}
