@online{sqlite-zstd,
    title        = {{sqlite-zstd: SQLite Zstandard Compression Plugin}},
    publisher    = {GitHub},
    howpublished = {\url{https://github.com/phiresky/sqlite-zstd}},
    note         = {(Accessed on 2025-08-12)}
}
@online{rocksdb,
    title        = {{RocksDB: A Persistent Key-Value Store for Flash and RAM Storage}},
    publisher    = {GitHub},
    howpublished = {\url{https://github.com/facebook/rocksdb}},
    note         = {(Accessed on 2025-08-12)}
}
@online{pebble,
    title        = {{Pebble: a LevelDB/RocksDB inspired key-value store focused on performance and internal usage by CockroachDB}},
    publisher    = {GitHub},
    howpublished = {\url{https://github.com/cockroachdb/pebble}},
    note         = {(Accessed on 2025-08-12)}
}
@online{parquet,
    title        = {{Apache Parquet}},
    publisher    = {Apache},
    howpublished = {\url{https://parquet.apache.org/}},
    note         = {(Accessed on 2025-08-12)}
}
